@inproceedings{shi2017jointly,
  title={Jointly learning word embeddings and latent topics},
  author={Shi, Bei and Lam, Wai and Jameel, Shoaib and Schockaert, Steven and Lai, Kwun Ping},
  booktitle={Proceedings of the 40th International ACM SIGIR Conference on Research and Development in Information Retrieval},
  pages={375--384},
  year={2017},
  organization={ACM}
}

@inproceedings{mikolov2013linguistic,
  title={Linguistic regularities in continuous space word representations},
  author={Mikolov, Tomas and Yih, Wen-tau and Zweig, Geoffrey},
  booktitle={Proceedings of the 2013 Conference of the North American Chapter of the Association for Computational Linguistics: Human Language Technologies},
  pages={746--751},
  year={2013}
}

@inproceedings{cotterell2015morphological,
  title={Morphological word-embeddings},
  author={Cotterell, Ryan and Sch{\"u}tze, Hinrich},
  booktitle={Proceedings of the 2015 Conference of the North American Chapter of the Association for Computational Linguistics: Human Language Technologies},
  pages={1287--1292},
  year={2015}
}
